[gd_scene load_steps=9 format=2]

[ext_resource path="res://assets/boomerang.png" type="Texture" id=1]
[ext_resource path="res://attackScenes/Boomer.gd" type="Script" id=2]
[ext_resource path="res://assets/OneLessHero_Boomerang_Loop_Slow.wav" type="AudioStream" id=3]

[sub_resource type="AtlasTexture" id=1]
flags = 18
atlas = ExtResource( 1 )
region = Rect2( 0, 0, 14, 7 )

[sub_resource type="AtlasTexture" id=2]
flags = 18
atlas = ExtResource( 1 )
region = Rect2( 14, 0, 14, 7 )

[sub_resource type="AtlasTexture" id=3]
flags = 18
atlas = ExtResource( 1 )
region = Rect2( 28, 0, 14, 7 )

[sub_resource type="AtlasTexture" id=4]
flags = 18
atlas = ExtResource( 1 )
region = Rect2( 42, 0, 14, 7 )

[sub_resource type="SpriteFrames" id=5]
animations = [ {
"frames": [ SubResource( 1 ), SubResource( 2 ), SubResource( 3 ), SubResource( 4 ) ],
"loop": true,
"name": "default",
"speed": 14.0
} ]

[node name="Boomer" type="Spatial"]
script = ExtResource( 2 )

[node name="AnimatedSprite3D" type="AnimatedSprite3D" parent="."]
shaded = true
alpha_cut = 2
frames = SubResource( 5 )
frame = 1
playing = true

[node name="AudioStreamPlayer3D" type="AudioStreamPlayer3D" parent="."]
stream = ExtResource( 3 )
unit_size = 2.0
autoplay = true
bus = "Music"
