[gd_scene load_steps=7 format=2]

[ext_resource path="res://assets/building2-4.png" type="Texture" id=1]
[ext_resource path="res://assets/building-new-2-0.obj" type="ArrayMesh" id=2]
[ext_resource path="res://buildingScenes/Grafitti.tscn" type="PackedScene" id=3]
[ext_resource path="res://buildingScenes/Building.gd" type="Script" id=4]
[ext_resource path="res://assets/building-new-4-0.png" type="Texture" id=5]

[sub_resource type="SpatialMaterial" id=1]
albedo_texture = ExtResource( 5 )

[node name="Building2" type="Spatial"]
script = ExtResource( 4 )

[node name="MeshInstance2" type="MeshInstance" parent="."]
transform = Transform( 0.1, 0, 0, 0, 0.1, 0, 0, 0, 0.1, 0, 0.4, -0.578 )
mesh = ExtResource( 2 )
material/0 = SubResource( 1 )

[node name="Sprite3D" type="Sprite3D" parent="."]
transform = Transform( 1, 0, 0, 0, 1, 0, 0, 0, 1, 0.018, 0, 0.011 )
centered = false
offset = Vector2( -96, 0 )
shaded = true
texture = ExtResource( 1 )

[node name="Grafitti" parent="." instance=ExtResource( 3 )]
transform = Transform( 1, 0, 0, 0, 1, 0, 0, 0, 1, -0.740908, 0.193876, 0.014 )

[node name="Grafitti2" parent="." instance=ExtResource( 3 )]
transform = Transform( 1, 0, 0, 0, 1, 0, 0, 0, 1, -0.43061, 0.2089, 0.014 )

[node name="Grafitti3" parent="." instance=ExtResource( 3 )]
transform = Transform( 1, 0, 0, 0, 1, 0, 0, 0, 1, -0.149071, 0.156532, 0.014 )

[node name="Grafitti4" parent="." instance=ExtResource( 3 )]
transform = Transform( 1, 0, 0, 0, 1, 0, 0, 0, 1, 0.118985, 0.226705, 0.014 )

[node name="Grafitti6" parent="." instance=ExtResource( 3 )]
transform = Transform( 1, 0, 0, 0, 1, 0, 0, 0, 1, 0.4001, 0.162906, 0.014 )

[node name="Grafitti5" parent="." instance=ExtResource( 3 )]
transform = Transform( 1, 0, 0, 0, 1, 0, 0, 0, 1, 0.702149, 0.161832, 0.014 )
